%YAML 1.1
%TAG !u! tag:unity3d.com,2011:
--- !u!64 &4341901015481231270
MeshCollider:
  m_ObjectHideFlags: 0
  m_CorrespondingSourceObject: {fileID: 0}
  m_PrefabInstance: {fileID: 0}
  m_PrefabAsset: {fileID: 0}
  m_GameObject: {fileID: 2924369023323574575}
  m_Material: {fileID: 0}
  m_IsTrigger: 0
  m_Enabled: 1
  serializedVersion: 4
  m_Convex: 0
  m_CookingOptions: 30
  m_Mesh: {fileID: 4300000, guid: c605447090e671b459d4f4be5a654c88, type: 3}
--- !u!64 &7195289133464630587
MeshCollider:
  m_ObjectHideFlags: 0
  m_CorrespondingSourceObject: {fileID: 0}
  m_PrefabInstance: {fileID: 0}
  m_PrefabAsset: {fileID: 0}
  m_GameObject: {fileID: 5766160452765608688}
  m_Material: {fileID: 0}
  m_IsTrigger: 0
  m_Enabled: 1
  serializedVersion: 4
  m_Convex: 0
  m_CookingOptions: 30
  m_Mesh: {fileID: 4300000, guid: c605447090e671b459d4f4be5a654c88, type: 3}
--- !u!64 &6581969213544824486
MeshCollider:
  m_ObjectHideFlags: 0
  m_CorrespondingSourceObject: {fileID: 0}
  m_PrefabInstance: {fileID: 0}
  m_PrefabAsset: {fileID: 0}
  m_GameObject: {fileID: 6211157546362528543}
  m_Material: {fileID: 0}
  m_IsTrigger: 0
  m_Enabled: 1
  serializedVersion: 4
  m_Convex: 0
  m_CookingOptions: 30
  m_Mesh: {fileID: 4300000, guid: c605447090e671b459d4f4be5a654c88, type: 3}
--- !u!64 &6737506869457468309
MeshCollider:
  m_ObjectHideFlags: 0
  m_CorrespondingSourceObject: {fileID: 0}
  m_PrefabInstance: {fileID: 0}
  m_PrefabAsset: {fileID: 0}
  m_GameObject: {fileID: 7295413379333506293}
  m_Material: {fileID: 0}
  m_IsTrigger: 0
  m_Enabled: 1
  serializedVersion: 4
  m_Convex: 0
  m_CookingOptions: 30
  m_Mesh: {fileID: 4300000, guid: c605447090e671b459d4f4be5a654c88, type: 3}
--- !u!1 &7668270306827206981
GameObject:
  m_ObjectHideFlags: 0
  m_CorrespondingSourceObject: {fileID: 0}
  m_PrefabInstance: {fileID: 0}
  m_PrefabAsset: {fileID: 0}
  serializedVersion: 6
  m_Component:
  - component: {fileID: 4835730330597357214}
  m_Layer: 0
  m_Name: Grass
  m_TagString: Untagged
  m_Icon: {fileID: 0}
  m_NavMeshLayer: 0
  m_StaticEditorFlags: 0
  m_IsActive: 1
--- !u!4 &4835730330597357214
Transform:
  m_ObjectHideFlags: 0
  m_CorrespondingSourceObject: {fileID: 0}
  m_PrefabInstance: {fileID: 0}
  m_PrefabAsset: {fileID: 0}
  m_GameObject: {fileID: 7668270306827206981}
  m_LocalRotation: {x: 0, y: 0, z: 0, w: 1}
  m_LocalPosition: {x: -163.66212, y: -60.477905, z: -40.87282}
  m_LocalScale: {x: 1, y: 1, z: 1}
  m_Children:
  - {fileID: 6211157546362437439}
  - {fileID: 5766160452765120208}
  - {fileID: 7295413379333216469}
  - {fileID: 2924369023323606287}
  m_Father: {fileID: 0}
  m_RootOrder: 0
  m_LocalEulerAnglesHint: {x: 0, y: 0, z: 0}
--- !u!1001 &2924369023323477903
PrefabInstance:
  m_ObjectHideFlags: 0
  serializedVersion: 2
  m_Modification:
    m_TransformParent: {fileID: 4835730330597357214}
    m_Modifications:
    - target: {fileID: 100000, guid: ea729863e0ab2b942844148c09cd395a, type: 3}
      propertyPath: m_Name
      value: grass_square_mesh (3)
      objectReference: {fileID: 0}
    - target: {fileID: 400000, guid: ea729863e0ab2b942844148c09cd395a, type: 3}
      propertyPath: m_RootOrder
      value: 3
      objectReference: {fileID: 0}
    - target: {fileID: 400000, guid: ea729863e0ab2b942844148c09cd395a, type: 3}
      propertyPath: m_LocalPosition.x
      value: 84.162125
      objectReference: {fileID: 0}
    - target: {fileID: 400000, guid: ea729863e0ab2b942844148c09cd395a, type: 3}
      propertyPath: m_LocalPosition.y
      value: 60.477905
      objectReference: {fileID: 0}
    - target: {fileID: 400000, guid: ea729863e0ab2b942844148c09cd395a, type: 3}
      propertyPath: m_LocalPosition.z
      value: 15.872822
      objectReference: {fileID: 0}
    - target: {fileID: 400000, guid: ea729863e0ab2b942844148c09cd395a, type: 3}
      propertyPath: m_LocalRotation.w
      value: 1
      objectReference: {fileID: 0}
    - target: {fileID: 400000, guid: ea729863e0ab2b942844148c09cd395a, type: 3}
      propertyPath: m_LocalRotation.x
      value: -0
      objectReference: {fileID: 0}
    - target: {fileID: 400000, guid: ea729863e0ab2b942844148c09cd395a, type: 3}
      propertyPath: m_LocalRotation.y
      value: -0
      objectReference: {fileID: 0}
    - target: {fileID: 400000, guid: ea729863e0ab2b942844148c09cd395a, type: 3}
      propertyPath: m_LocalRotation.z
      value: -0
      objectReference: {fileID: 0}
    - target: {fileID: 400000, guid: ea729863e0ab2b942844148c09cd395a, type: 3}
      propertyPath: m_LocalEulerAnglesHint.x
      value: 0
      objectReference: {fileID: 0}
    - target: {fileID: 400000, guid: ea729863e0ab2b942844148c09cd395a, type: 3}
      propertyPath: m_LocalEulerAnglesHint.y
      value: 0
      objectReference: {fileID: 0}
    - target: {fileID: 400000, guid: ea729863e0ab2b942844148c09cd395a, type: 3}
      propertyPath: m_LocalEulerAnglesHint.z
      value: 0
      objectReference: {fileID: 0}
    m_RemovedComponents: []
  m_SourcePrefab: {fileID: 100100000, guid: ea729863e0ab2b942844148c09cd395a, type: 3}
--- !u!1 &2924369023323574575 stripped
GameObject:
  m_CorrespondingSourceObject: {fileID: 100000, guid: ea729863e0ab2b942844148c09cd395a, type: 3}
  m_PrefabInstance: {fileID: 2924369023323477903}
  m_PrefabAsset: {fileID: 0}
--- !u!4 &2924369023323606287 stripped
Transform:
  m_CorrespondingSourceObject: {fileID: 400000, guid: ea729863e0ab2b942844148c09cd395a, type: 3}
  m_PrefabInstance: {fileID: 2924369023323477903}
  m_PrefabAsset: {fileID: 0}
--- !u!1001 &5766160452765510736
PrefabInstance:
  m_ObjectHideFlags: 0
  serializedVersion: 2
  m_Modification:
    m_TransformParent: {fileID: 4835730330597357214}
    m_Modifications:
    - target: {fileID: 100000, guid: ea729863e0ab2b942844148c09cd395a, type: 3}
      propertyPath: m_Name
      value: grass_square_mesh (1)
      objectReference: {fileID: 0}
    - target: {fileID: 400000, guid: ea729863e0ab2b942844148c09cd395a, type: 3}
      propertyPath: m_RootOrder
      value: 1
      objectReference: {fileID: 0}
    - target: {fileID: 400000, guid: ea729863e0ab2b942844148c09cd395a, type: 3}
      propertyPath: m_LocalPosition.x
      value: 79.662125
      objectReference: {fileID: 0}
    - target: {fileID: 400000, guid: ea729863e0ab2b942844148c09cd395a, type: 3}
      propertyPath: m_LocalPosition.y
      value: 60.477905
      objectReference: {fileID: 0}
    - target: {fileID: 400000, guid: ea729863e0ab2b942844148c09cd395a, type: 3}
      propertyPath: m_LocalPosition.z
      value: 20.372822
      objectReference: {fileID: 0}
    - target: {fileID: 400000, guid: ea729863e0ab2b942844148c09cd395a, type: 3}
      propertyPath: m_LocalRotation.w
      value: 1
      objectReference: {fileID: 0}
    - target: {fileID: 400000, guid: ea729863e0ab2b942844148c09cd395a, type: 3}
      propertyPath: m_LocalRotation.x
      value: -0
      objectReference: {fileID: 0}
    - target: {fileID: 400000, guid: ea729863e0ab2b942844148c09cd395a, type: 3}
      propertyPath: m_LocalRotation.y
      value: -0
      objectReference: {fileID: 0}
    - target: {fileID: 400000, guid: ea729863e0ab2b942844148c09cd395a, type: 3}
      propertyPath: m_LocalRotation.z
      value: -0
      objectReference: {fileID: 0}
    - target: {fileID: 400000, guid: ea729863e0ab2b942844148c09cd395a, type: 3}
      propertyPath: m_LocalEulerAnglesHint.x
      value: 0
      objectReference: {fileID: 0}
    - target: {fileID: 400000, guid: ea729863e0ab2b942844148c09cd395a, type: 3}
      propertyPath: m_LocalEulerAnglesHint.y
      value: 0
      objectReference: {fileID: 0}
    - target: {fileID: 400000, guid: ea729863e0ab2b942844148c09cd395a, type: 3}
      propertyPath: m_LocalEulerAnglesHint.z
      value: 0
      objectReference: {fileID: 0}
    m_RemovedComponents: []
  m_SourcePrefab: {fileID: 100100000, guid: ea729863e0ab2b942844148c09cd395a, type: 3}
--- !u!1 &5766160452765608688 stripped
GameObject:
  m_CorrespondingSourceObject: {fileID: 100000, guid: ea729863e0ab2b942844148c09cd395a, type: 3}
  m_PrefabInstance: {fileID: 5766160452765510736}
  m_PrefabAsset: {fileID: 0}
--- !u!4 &5766160452765120208 stripped
Transform:
  m_CorrespondingSourceObject: {fileID: 400000, guid: ea729863e0ab2b942844148c09cd395a, type: 3}
  m_PrefabInstance: {fileID: 5766160452765510736}
  m_PrefabAsset: {fileID: 0}
--- !u!1001 &6211157546362561983
PrefabInstance:
  m_ObjectHideFlags: 0
  serializedVersion: 2
  m_Modification:
    m_TransformParent: {fileID: 4835730330597357214}
    m_Modifications:
    - target: {fileID: 100000, guid: ea729863e0ab2b942844148c09cd395a, type: 3}
      propertyPath: m_Name
      value: grass_square_mesh
      objectReference: {fileID: 0}
    - target: {fileID: 400000, guid: ea729863e0ab2b942844148c09cd395a, type: 3}
      propertyPath: m_RootOrder
      value: 0
      objectReference: {fileID: 0}
    - target: {fileID: 400000, guid: ea729863e0ab2b942844148c09cd395a, type: 3}
      propertyPath: m_LocalPosition.x
      value: 79.662125
      objectReference: {fileID: 0}
    - target: {fileID: 400000, guid: ea729863e0ab2b942844148c09cd395a, type: 3}
      propertyPath: m_LocalPosition.y
      value: 60.477905
      objectReference: {fileID: 0}
    - target: {fileID: 400000, guid: ea729863e0ab2b942844148c09cd395a, type: 3}
      propertyPath: m_LocalPosition.z
      value: 15.872822
      objectReference: {fileID: 0}
    - target: {fileID: 400000, guid: ea729863e0ab2b942844148c09cd395a, type: 3}
      propertyPath: m_LocalRotation.w
      value: 1
      objectReference: {fileID: 0}
    - target: {fileID: 400000, guid: ea729863e0ab2b942844148c09cd395a, type: 3}
      propertyPath: m_LocalRotation.x
      value: -0
      objectReference: {fileID: 0}
    - target: {fileID: 400000, guid: ea729863e0ab2b942844148c09cd395a, type: 3}
      propertyPath: m_LocalRotation.y
      value: -0
      objectReference: {fileID: 0}
    - target: {fileID: 400000, guid: ea729863e0ab2b942844148c09cd395a, type: 3}
      propertyPath: m_LocalRotation.z
      value: -0
      objectReference: {fileID: 0}
    - target: {fileID: 400000, guid: ea729863e0ab2b942844148c09cd395a, type: 3}
      propertyPath: m_LocalEulerAnglesHint.x
      value: 0
      objectReference: {fileID: 0}
    - target: {fileID: 400000, guid: ea729863e0ab2b942844148c09cd395a, type: 3}
      propertyPath: m_LocalEulerAnglesHint.y
      value: 0
      objectReference: {fileID: 0}
    - target: {fileID: 400000, guid: ea729863e0ab2b942844148c09cd395a, type: 3}
      propertyPath: m_LocalEulerAnglesHint.z
      value: 0
      objectReference: {fileID: 0}
    m_RemovedComponents: []
  m_SourcePrefab: {fileID: 100100000, guid: ea729863e0ab2b942844148c09cd395a, type: 3}
--- !u!1 &6211157546362528543 stripped
GameObject:
  m_CorrespondingSourceObject: {fileID: 100000, guid: ea729863e0ab2b942844148c09cd395a, type: 3}
  m_PrefabInstance: {fileID: 6211157546362561983}
  m_PrefabAsset: {fileID: 0}
--- !u!4 &6211157546362437439 stripped
Transform:
  m_CorrespondingSourceObject: {fileID: 400000, guid: ea729863e0ab2b942844148c09cd395a, type: 3}
  m_PrefabInstance: {fileID: 6211157546362561983}
  m_PrefabAsset: {fileID: 0}
--- !u!1001 &7295413379333603925
PrefabInstance:
  m_ObjectHideFlags: 0
  serializedVersion: 2
  m_Modification:
    m_TransformParent: {fileID: 4835730330597357214}
    m_Modifications:
    - target: {fileID: 100000, guid: ea729863e0ab2b942844148c09cd395a, type: 3}
      propertyPath: m_Name
      value: grass_square_mesh (2)
      objectReference: {fileID: 0}
    - target: {fileID: 400000, guid: ea729863e0ab2b942844148c09cd395a, type: 3}
      propertyPath: m_RootOrder
      value: 2
      objectReference: {fileID: 0}
    - target: {fileID: 400000, guid: ea729863e0ab2b942844148c09cd395a, type: 3}
      propertyPath: m_LocalPosition.x
      value: 84.162125
      objectReference: {fileID: 0}
    - target: {fileID: 400000, guid: ea729863e0ab2b942844148c09cd395a, type: 3}
      propertyPath: m_LocalPosition.y
      value: 60.477905
      objectReference: {fileID: 0}
    - target: {fileID: 400000, guid: ea729863e0ab2b942844148c09cd395a, type: 3}
      propertyPath: m_LocalPosition.z
      value: 20.372822
      objectReference: {fileID: 0}
    - target: {fileID: 400000, guid: ea729863e0ab2b942844148c09cd395a, type: 3}
      propertyPath: m_LocalRotation.w
      value: 1
      objectReference: {fileID: 0}
    - target: {fileID: 400000, guid: ea729863e0ab2b942844148c09cd395a, type: 3}
      propertyPath: m_LocalRotation.x
      value: -0
      objectReference: {fileID: 0}
    - target: {fileID: 400000, guid: ea729863e0ab2b942844148c09cd395a, type: 3}
      propertyPath: m_LocalRotation.y
      value: -0
      objectReference: {fileID: 0}
    - target: {fileID: 400000, guid: ea729863e0ab2b942844148c09cd395a, type: 3}
      propertyPath: m_LocalRotation.z
      value: -0
      objectReference: {fileID: 0}
    - target: {fileID: 400000, guid: ea729863e0ab2b942844148c09cd395a, type: 3}
      propertyPath: m_LocalEulerAnglesHint.x
      value: 0
      objectReference: {fileID: 0}
    - target: {fileID: 400000, guid: ea729863e0ab2b942844148c09cd395a, type: 3}
      propertyPath: m_LocalEulerAnglesHint.y
      value: 0
      objectReference: {fileID: 0}
    - target: {fileID: 400000, guid: ea729863e0ab2b942844148c09cd395a, type: 3}
      propertyPath: m_LocalEulerAnglesHint.z
      value: 0
      objectReference: {fileID: 0}
    m_RemovedComponents: []
  m_SourcePrefab: {fileID: 100100000, guid: ea729863e0ab2b942844148c09cd395a, type: 3}
--- !u!1 &7295413379333506293 stripped
GameObject:
  m_CorrespondingSourceObject: {fileID: 100000, guid: ea729863e0ab2b942844148c09cd395a, type: 3}
  m_PrefabInstance: {fileID: 7295413379333603925}
  m_PrefabAsset: {fileID: 0}
--- !u!4 &7295413379333216469 stripped
Transform:
  m_CorrespondingSourceObject: {fileID: 400000, guid: ea729863e0ab2b942844148c09cd395a, type: 3}
  m_PrefabInstance: {fileID: 7295413379333603925}
  m_PrefabAsset: {fileID: 0}
